@article{dale1992,
  title={Use of the chlorophyll a/b ratio as a bioassay for the light environment of a plant},
  author={Dale, MP and Causton, DR},
  journal={Functional Ecology},
  pages={190--196},
  year={1992},
  publisher={JSTOR}
}

@article{genty1989,
  title={The relationship between the quantum yield of photosynthetic electron transport and quenching of chlorophyll fluorescence},
  author={Genty, Bernard and Briantais, Jean-Marie and Baker, Neil R},
  journal={Biochimica et Biophysica Acta (BBA)-General Subjects},
  volume={990},
  number={1},
  pages={87--92},
  year={1989},
  publisher={Elsevier}
}

@article{hajek2009,
  title={Mineral nutrient economy in competing species of Sphagnum mosses},
  author={H{\'a}jek, Tom{\'a}{\v{s}} and Adamec, Lubom{\'\i}r},
  journal={Ecological research},
  volume={24},
  number={2},
  pages={291--302},
  year={2009},
  publisher={Springer}
}

@article{lamers1999,
  title={Calcareous groundwater raises bogs; the concept of ombrotrophy revisited},
  author={Lamers, Leon PM and Farhoush, Cornelis and Van Groenendael, Jan M and Roelofs, Jan GM},
  journal={Journal of Ecology},
  volume={87},
  number={4},
  pages={639--648},
  year={1999},
  publisher={Wiley Online Library}
}

@mastersthesis{lanting2010,
  title={The effect of cell wall bound calcium on \textit{Sphagnum magelanicum}},
  author={Lanting, Arne},
  year={2010},
  month={02},
  school={Rijksuniversiteit Groningen (RuG)}
}  

@article{lichtenthaler1987,
  Author = {Lichtenthaler, HK},
  Title = {{Chlorophylls and Carotenoids - Pigments of Photosynthetic Biomembranes}},
  Journal = {{METHODS IN ENZYMOLOGY}},
  Year = {{1987}},
  Volume = {{148}},
  Pages = {{350-382}},
  Publisher = {{ACADEMIC PRESS INC JNL-COMP SUBSCRIPTIONS}},
  Address = {{525 B ST, STE 1900, SAN DIEGO, CA 92101-4495}},
  Type = {{Review}},
  Language = {{English}},
  Affiliation = {{LICHTENTHALER, HK (Reprint Author), UNIV KARLSRUHE,BOT INST PLANT PHYSIOL,D-7500 KARLSRUHE,FED REP GER.}},
  ISSN = {{0076-6879}},
  Research-Areas = {{Biochemistry \& Molecular Biology}},
  Web-of-Science-Categories  = {{Biochemical Research Methods; Biochemistry \& Molecular Biology}},
  Number-of-Cited-References = {{57}},
  Times-Cited = {{3206}},
  Journal-ISO = {{Method Enzymol.}},
  Doc-Delivery-Number = {{M1682}},
  Unique-ID = {{ISI:A1987M168200034}},
}

@article{maxwell2000,
  title={Chlorophyll fluorescenceâ€”a practical guide},
  author={Maxwell, Kate and Johnson, Giles N},
  journal={Journal of experimental botany},
  volume={51},
  number={345},
  pages={659--668},
  year={2000},
  publisher={Soc Experiment Biol}
}

@article{smolders2001,
  title={Substrate-derived CO2 is important in the development of Sphagnum spp.},
  author={Smolders, AJP and Tomassen, HBM and Pijnappel, HW and Lamers, LPM and Roelofs, JGM},
  journal={New Phytologist},
  volume={152},
  number={2},
  pages={325--332},
  year={2001},
  publisher={Wiley Online Library}
}